@misc{huggingface_dataset,
    key       = {Huggingface},
    title     = {Yahoo! Answers Huggingface Dataset},
    note      = {\url{https://huggingface.co/datasets/yahoo_answers_topics}}
}

@misc{yahoo_webscope,
    key       = {Yahoo},
    title     = {Yahoo! Research Alliance Webscope},
    note      = {\url{https://webscope.sandbox.yahoo.com/}}
}